@article{cull_decurtins_1987,
  author     = {Paul Cull and Jeffey De Curtins},
  title      = {Knight's Tour Revisited},
  journal    = {Fibonacci Quarterly},
  volume     = {16},
  year       = {1978},
  pages      = {276--285},
  publisher  = {Fibonacci Association}
}